<?xml version="1.0" encoding="UTF-8"?>
<collection xmlns="http://www.loc.gov/MARC21/slim">
  <record xmlns="http://www.loc.gov/MARC21/slim">
    <datafield tag="024" ind1="7" ind2=" "> <!-- DIGITAL OBJECT IDENTIFIER -->
      <subfield code="a">replace-with-valid-DOI</subfield>
      <subfield code="2">DOI</subfield>
    </datafield>
    <datafield tag="260" ind1=" " ind2=" ">
      <subfield code="c">2016-11-22</subfield>
    </datafield>
    <datafield tag="100" ind1=" " ind2=" ">
      <subfield code="a">John Smith</subfield>
      <subfield code="v">University of City</subfield>
      <subfield code="w">Italy</subfield>
      <subfield code="j">0000-0002-5532-8201</subfield>
    </datafield>
    <datafield tag="245" ind1=" " ind2=" ">
      <subfield code="a">Presentation submission to OAR  - WARMUP</subfield>
    </datafield>
    <datafield tag="520" ind1=" " ind2=" ">
      <subfield code="a">The presentation introduces the main objective of the e-Research Summer Hackfest  - Lagos Sci-GaIA project</subfield>
    </datafield>
    <datafield tag="540" ind1=" " ind2=" ">
      <subfield code="a">cc-by-nc-sa</subfield>
      <subfield code="u">https://creativecommons.org/licenses/by-nc-sa/3.0/</subfield>
    </datafield>
    <datafield tag="536" ind1=" " ind2=" ">
      <subfield code="c">Sci-GaIA - Energising Scientific Endeavour through Science Gateways and e-Infrastructures in Africa</subfield>
    </datafield>
    <datafield tag="700" ind1=" " ind2=" ">
      <subfield code="a">John Johnson</subfield>
      <subfield code="v">University of Catania</subfield>
      <subfield code="w">Italy</subfield>
      <subfield code="j">0000-0002-5532-8201</subfield>
    </datafield>
    <datafield tag="999" ind1="C" ind2="5">
      <subfield code="9">CURATOR</subfield>
      <subfield code="a">10.15169/sci-gaia:1479294868.03</subfield>
      <subfield code="o">[1]</subfield>
      <subfield code="t">Presentation submission to OAR</subfield>
      <subfield code="y">2016</subfield>
    </datafield>
    <datafield tag="653" ind1="1" ind2=" ">
      <subfield code="a">Sci-GaIA</subfield>
    </datafield>
    <datafield tag="653" ind1="1" ind2=" ">
      <subfield code="a">Science Gateway</subfield>
    </datafield>
    <datafield tag="653" ind1="1" ind2=" ">
      <subfield code="a">Open Access</subfield>
    </datafield>
    <datafield tag="FFT" ind1="" ind2=" ">
      <subfield code="a">http://grid.ct.infn.it/hackfest/example-presentation.pptx</subfield>
    </datafield>
    <datafield xmlns="" tag="980" ind1=" " ind2=" ">
      <subfield code="a">PRESENTATIONSOTHER</subfield>
    </datafield>
    <datafield xmlns="" tag="041" ind1=" " ind2=" "> <!-- LANGUAGE CODE -->
      <subfield code="a">eng</subfield>
    </datafield>
    <datafield xmlns="" tag="042" ind1=" " ind2=" ">
      <subfield code="a">Researchers</subfield>
    </datafield>
    <datafield xmlns="" tag="043" ind1=" " ind2=" ">
      <subfield code="a">presentation</subfield>
    </datafield>
  </record>
</collection>
